<?xml version="1.0" encoding="UTF-8"?><collection xmlns="http://www.loc.gov/MARC21/slim"><record><leader>00354nam--2200121-i-4500</leader><controlfield tag="001">000032684</controlfield><controlfield tag="002">20161230</controlfield><controlfield tag="005">20161230201039</controlfield><controlfield tag="008">060222s1000------------r-----000-0-eng-d</controlfield><datafield ind1=" " ind2=" " tag="080"><subfield code="a">621.38(038)=20:801.323.1=20</subfield></datafield><datafield ind1=" " ind2=" " tag="245"><subfield code="a">Modern dictionary of electronics. compiled by rudolf f.graf</subfield></datafield><datafield ind1=" " ind2=" " tag="260"><subfield code="a">Slough Bucks, W.Foulsham &amp; Co.Ltd., 1963, 370p</subfield></datafield><datafield ind1=" " ind2=" " tag="852"><subfield code="a">D.336</subfield></datafield></record></collection>